<?xml version="1.0" encoding="UTF-8"?><collection xmlns="http://www.loc.gov/MARC21/slim"><record><leader>00374nam--2200145-i-4500</leader><controlfield tag="001">000004098</controlfield><controlfield tag="002">20161230</controlfield><controlfield tag="005">20170221233704</controlfield><controlfield tag="008">060222s1000------------r-----000-0-eng-d</controlfield><datafield ind1=" " ind2=" " tag="100"><subfield code="a">Brown, Gosta</subfield></datafield><datafield ind1=" " ind2=" " tag="245"><subfield code="a">Theory of moist air heat exchangers</subfield></datafield><datafield ind1=" " ind2=" " tag="260"><subfield code="a">Stockholm</subfield><subfield code="c">1954</subfield></datafield><datafield ind1=" " ind2=" " tag="300"><subfield code="a">33 p</subfield></datafield><datafield ind1=" " ind2=" " tag="490"><subfield code="a">Kungl.Tekniska Hogskolans Handlinger</subfield></datafield><datafield ind1=" " ind2=" " tag="CAT"><subfield code="a">SYS</subfield><subfield code="c">20170221</subfield><subfield code="h">233704</subfield></datafield></record></collection>